@article{guyon2003introduction,
  title={An introduction to variable and feature selection},
  author={Guyon, Isabelle and Elisseeff, Andr{\'e}},
  journal={The Journal of Machine Learning Research},
  volume={3},
  pages={1157--1182},
  year={2003},
  publisher={JMLR. org}
}

@article{wernick2010machine,
  title={Machine learning in medical imaging},
  author={Wernick, Miles N and Yang, Yongyi and Brankov, Jovan G and Yourganov, Grigori and Strother, Stephen C},
  journal={Signal Processing Magazine, IEEE},
  volume={27},
  number={4},
  pages={25--38},
  year={2010},
  publisher={IEEE}
}

@book{simon2013too,
  title={Too Big to Ignore: The Business Case for Big Data},
  author={Simon, Phil},
  volume={72},
  year={2013},
  publisher={John Wiley \& Sons}
}

@article{chandrashekar2014survey,
  title={A survey on feature selection methods},
  author={Chandrashekar, Girish and Sahin, Ferat},
  journal={Computers \& Electrical Engineering},
  volume={40},
  number={1},
  pages={16--28},
  year={2014},
  publisher={Elsevier}
}

@article{lazar2012survey,
  title={A survey on filter techniques for feature selection in gene expression microarray analysis},
  author={Lazar, Cosmin and Taminau, Jonatan and Meganck, Stijn and Steenhoff, David and Coletta, Alain and Molter, Colin and De Schaetzen, Virginie and Duque, Robin and Bersini, Hugues and Nowe, Ann},
  journal={IEEE/ACM Transactions on Computational Biology and Bioinformatics (TCBB)},
  volume={9},
  number={4},
  pages={1106--1119},
  year={2012},
  publisher={IEEE Computer Society Press}
}

@article{forman2003extensive,
  title={An extensive empirical study of feature selection metrics for text classification},
  author={Forman, George},
  journal={The Journal of machine learning research},
  volume={3},
  pages={1289--1305},
  year={2003},
  publisher={JMLR. org}
}

@article{amaldi1998approximability,
  title={On the approximability of minimizing nonzero variables or unsatisfied relations in linear systems},
  author={Amaldi, Edoardo and Kann, Viggo},
  journal={Theoretical Computer Science},
  volume={209},
  number={1},
  pages={237--260},
  year={1998},
  publisher={Elsevier}
}

@article{merz2000fitness,
  title={Fitness landscapes, memetic algorithms, and greedy operators for graph bipartitioning},
  author={Merz, Peter and Freisleben, Bernd},
  journal={Evolutionary Computation},
  volume={8},
  number={1},
  pages={61--91},
  year={2000},
  publisher={MIT Press}
}

@book{wright1932roles,
  title={The roles of mutation, inbreeding, crossbreeding, and selection in evolution},
  author={Wright, Sewall},
  volume={1},
  year={1932},
  publisher={na}
}





@inproceedings{kira1992feature,
  title={The feature selection problem: Traditional methods and a new algorithm},
  author={Kira, Kenji and Rendell, Larry A},
  booktitle={AAAI},
  volume={2},
  pages={129--134},
  year={1992}
}

@article{jain1997feature,
  title={Feature selection: Evaluation, application, and small sample performance},
  author={Jain, Anil and Zongker, Douglas},
  journal={Pattern Analysis and Machine Intelligence, IEEE Transactions on},
  volume={19},
  number={2},
  pages={153--158},
  year={1997},
  publisher={IEEE}
}

@article{kohavi1997wrappers,
  title={Wrappers for feature subset selection},
  author={Kohavi, Ron and John, George H},
  journal={Artificial intelligence},
  volume={97},
  number={1},
  pages={273--324},
  year={1997},
  publisher={Elsevier}
}

@inproceedings{yu2003feature,
  title={Feature selection for high-dimensional data: A fast correlation-based filter solution},
  author={Yu, Lei and Liu, Huan},
  booktitle={ICML},
  volume={3},
  pages={856--863},
  year={2003}
}

@inproceedings{yeh2016feature,
  title={Feature Selection Algorithm for Motor Quality Types Using Weighted Principal Component Analysis},
  author={Yeh, Yun-Chi and Lin, Liuh-Chii and Liu, Mei-Chen and Chu, Tsui-Shiun},
  booktitle={Proceedings of the 3rd International Conference on Intelligent Technologies and Engineering Systems (ICITES2014)},
  pages={151--157},
  year={2016},
  organization={Springer}
}

@article{ge2016mctwo,
  title={McTwo: a two-step feature selection algorithm based on maximal information coefficient},
  author={Ge, Ruiquan and Zhou, Manli and Luo, Youxi and Meng, Qinghan and Mai, Guoqin and Ma, Dongli and Wang, Guoqing and Zhou, Fengfeng},
  journal={BMC bioinformatics},
  volume={17},
  number={1},
  pages={1},
  year={2016},
  publisher={BioMed Central}
}

@incollection{pitzer2012comprehensive,
  title={A comprehensive survey on fitness landscape analysis},
  author={Pitzer, Erik and Affenzeller, Michael},
  booktitle={Recent Advances in Intelligent Engineering Systems},
  pages={161--191},
  year={2012},
  publisher={Springer}
}

@article{malan2013survey,
  title={A survey of techniques for characterising fitness landscapes and some possible ways forward},
  author={Malan, Katherine M and Engelbrecht, Andries P},
  journal={Information Sciences},
  volume={241},
  pages={148--163},
  year={2013},
  publisher={Elsevier}
}

@inproceedings{xin2009problem,
  title={Problem difficulty analysis for particle swarm optimization: deception and modality},
  author={Xin, Bin and Chen, Jie and Pan, Feng},
  booktitle={Proceedings of the first ACM/SIGEVO Summit on Genetic and Evolutionary Computation},
  pages={623--630},
  year={2009},
  organization={ACM}
}

@inproceedings{lipsitch1991adaptation,
  title={Adaptation on Rugged Landscapes Generated by Iterated Local Interactions of Neighboring Genes.},
  author={Lipsitch, Marc},
  booktitle={ICGA},
  pages={128--135},
  year={1991}
}

@article{davidor1991epistasis,
  title={Epistasis variance: A viewpoint on GA-hardness},
  author={Davidor, Yuval},
  journal={Foundations of genetic algorithms},
  volume={1},
  pages={23--35},
  year={1991}
}

@inproceedings{fonlupt1998bit,
  title={A bit-wise epistasis measure for binary search spaces},
  author={Fonlupt, Cyril and Robilliard, Denis and Preux, Philippe},
  booktitle={Parallel Problem Solving from Natureâ€”PPSN V},
  pages={47--56},
  year={1998},
  organization={Springer}
}

@article{reidys2001neutrality,
  title={Neutrality in fitness landscapes},
  author={Reidys, Christian M and Stadler, Peter F},
  journal={Applied Mathematics and Computation},
  volume={117},
  number={2},
  pages={321--350},
  year={2001},
  publisher={Elsevier}
}

@inproceedings{vanneschi2006quantitative,
  title={A quantitative study of neutrality in GP boolean landscapes},
  author={Vanneschi, Leonardo and Pirola, Yuri and Collard, Philippe},
  booktitle={Proceedings of the 8th annual conference on Genetic and evolutionary computation},
  pages={895--902},
  year={2006},
  organization={ACM}
}

@book{martin2003agile,
  title={Agile software development: principles, patterns, and practices},
  author={Martin, Robert Cecil},
  year={2003},
  publisher={Prentice Hall PTR}
}

@misc{beck2001agile,
  title={The agile manifesto},
  author={Beck, Kent and Beedle, Mike and Van Bennekum, Arie and Cockburn, Alistair and Cunningham, Ward and Fowler, Martin and Grenning, James and Highsmith, Jim and Hunt, Andrew and Jeffries, Ron and others},
  year={2001}
}

@incollection{vassilev2003smoothness,
  title={Smoothness, ruggedness and neutrality of fitness landscapes: from theory to application},
  author={Vassilev, Vesselin K and Fogarty, Terence C and Miller, Julian F},
  booktitle={Advances in evolutionary computing},
  pages={3--44},
  year={2003},
  publisher={Springer}
}

@article{weinberger1990correlated,
  title={Correlated and uncorrelated fitness landscapes and how to tell the difference},
  author={Weinberger, Edward},
  journal={Biological cybernetics},
  volume={63},
  number={5},
  pages={325--336},
  year={1990},
  publisher={Springer}
}

@article{greenwood1998landscapes,
  title={Are landscapes for constrained optimization problems statistically isotropic?},
  author={Greenwood, Garrison W and Hu, Xiaobo Sharon},
  journal={Physica Scripta},
  volume={57},
  number={3},
  pages={321},
  year={1998},
  publisher={IOP Publishing}
}

@article{fontana1993rna,
  title={RNA folding and combinatory landscapes},
  author={Fontana, Walter and Stadler, Peter F and Bornberg-Bauer, Erich G and Griesmacher, Thomas and Hofacker, Ivo L and Tacker, Manfred and Tarazona, Pedro and Weinberger, Edward D and Schuster, Peter},
  journal={Physical review E},
  volume={47},
  number={3},
  pages={2083},
  year={1993},
  publisher={APS}
}

@article{smith2002fitness,
  title={Fitness landscapes and evolvability},
  author={Smith, Tom and Husbands, Phil and O'Shea, Michael},
  journal={Evolutionary computation},
  volume={10},
  number={1},
  pages={1--34},
  year={2002},
  publisher={MIT Press}
}

@article{nguyen2008survey,
  title={A survey of techniques for internet traffic classification using machine learning},
  author={Nguyen, Thuy TT and Armitage, Grenville},
  journal={IEEE Communications Surveys \& Tutorials},
  volume={10},
  number={4},
  pages={56--76},
  year={2008},
  publisher={IEEE}
}

@article{cunningham2007k,
  title={k-Nearest neighbour classifiers},
  author={Cunningham, Padraig and Delany, Sarah Jane},
  journal={Multiple Classifier Systems},
  pages={1--17},
  year={2007},
  publisher={Springer}
}

@article{ben2008comparison,
  title={Comparison of classification accuracy using Cohens Weighted Kappa},
  author={Ben-David, Arie},
  journal={Expert Systems with Applications},
  volume={34},
  number={2},
  pages={825--832},
  year={2008},
  publisher={Elsevier}
}

@article{asselmeyer1996smoothing,
  title={Smoothing representation of fitness landscapes, the genotypephenotype map of evolution},
  author={Asselmeyer, Torsten and Ebeling, Werner and Rose, Helge},
  journal={BioSystems},
  volume={39},
  number={1},
  pages={63--76},
  year={1996},
  publisher={Elsevier}
}

@inproceedings{belaidouni1999landscapes,
  title={Landscapes and the maximal constraint satisfaction problem},
  author={Belaidouni, Meriema and Hao, Jin-Kao},
  booktitle={European Conference on Artificial Evolution},
  pages={242--253},
  year={1999},
  organization={Springer}
}

@article{weka,
 author = {Hall, Mark and Frank, Eibe and Holmes, Geoffrey and Pfahringer, Bernhard and Reutemann, Peter and Witten, Ian H.},
 title = {The WEKA Data Mining Software: An Update},
 journal = {SIGKDD Explor. Newsl.},
 issue_date = {June 2009},
 volume = {11},
 number = {1},
 month = nov,
 year = {2009},
 issn = {1931-0145},
 pages = {10--18},
 numpages = {9},
 url = {http://doi.acm.org/10.1145/1656274.1656278},
 doi = {10.1145/1656274.1656278},
 acmid = {1656278},
 publisher = {ACM},
 address = {New York, NY, USA},
} 

@misc{UCI ,
author = "M. Lichman",
year = "2013",
title = "{UCI} Machine Learning Repository",
url = "http://archive.ics.uci.edu/ml",
institution = "University of California, Irvine, School of Information and Computer Sciences" }

@book{altman1990practical,
  title={Practical statistics for medical research},
  author={Altman, Douglas G},
  year={1990},
  publisher={CRC press}
}